<record><leader>00000cas a2200000 a 4500</leader><controlfield tag="001">19010903</controlfield><controlfield tag="008">890112d19391940tnuwr ne      0    0eng d</controlfield><datafield ind1=" " ind2=" " tag="010"><subfield code="a">sn 89058041 </subfield></datafield><datafield ind1=" " ind2=" " tag="040"><subfield code="a">KNP</subfield><subfield code="b">eng</subfield><subfield code="c">KNP</subfield><subfield code="d">TGN</subfield><subfield code="d">OCL</subfield><subfield code="d">TGN</subfield><subfield code="d">OCLCQ</subfield><subfield code="d">OCLCF</subfield><subfield code="d">OCLCO</subfield></datafield><datafield ind1="1" ind2=" " tag="029"><subfield code="a">AU@</subfield><subfield code="b">000020563913</subfield></datafield><datafield ind1=" " ind2=" " tag="042"><subfield code="a">msc</subfield></datafield><datafield ind1=" " ind2=" " tag="043"><subfield code="a">n-us-tn</subfield></datafield><datafield ind1="0" ind2="0" tag="245"><subfield code="a">Clinton courier and Anderson County news.</subfield></datafield><datafield ind1="3" ind2="0" tag="246"><subfield code="a">Anderson County news</subfield></datafield><datafield ind1=" " ind2=" " tag="260"><subfield code="a">Clinton, Tenn. :</subfield><subfield code="b">Clinton Print. Co.,</subfield><subfield code="c">1939-</subfield></datafield><datafield ind1=" " ind2=" " tag="300"><subfield code="a">v. :</subfield><subfield code="b">ill.</subfield></datafield><datafield ind1=" " ind2=" " tag="310"><subfield code="a">Weekly</subfield></datafield><datafield ind1="0" ind2=" " tag="362"><subfield code="a">News vol. 52, no. 24 (June 15, 1939)- = Courier v. 6, no. 4-</subfield></datafield><datafield ind1="1" ind2=" " tag="362"><subfield code="a">Ceased with: vol. 53, no. 47 (Nov. 21, 1940).</subfield></datafield><datafield ind1=" " ind2=" " tag="515"><subfield code="a">Drops numbering of Clinton courier (Clinton, Tenn.) July 13, 1939.</subfield></datafield><datafield ind1=" " ind2=" " tag="525"><subfield code="a">Includes Norris supplement.</subfield></datafield><datafield ind1=" " ind2=" " tag="580"><subfield code="a">Formed by the union of: Clinton courier (Clinton, Tenn.), and: Anderson County news.</subfield></datafield><datafield ind1=" " ind2="0" tag="651"><subfield code="a">Clinton (Tenn.)</subfield><subfield code="v">Newspapers.</subfield></datafield><datafield ind1=" " ind2="0" tag="651"><subfield code="a">Norris (Tenn.)</subfield><subfield code="v">Newspapers.</subfield></datafield><datafield ind1=" " ind2="0" tag="651"><subfield code="a">Anderson County (Tenn.)</subfield><subfield code="v">Newspapers.</subfield></datafield><datafield ind1=" " ind2="7" tag="655"><subfield code="a">Newspapers.</subfield><subfield code="2">fast</subfield><subfield code="0">(OCoLC)fst01423814</subfield></datafield><datafield ind1=" " ind2="7" tag="651"><subfield code="a">Tennessee</subfield><subfield code="z">Anderson County.</subfield><subfield code="2">fast</subfield><subfield code="0">(OCoLC)fst01218673</subfield></datafield><datafield ind1=" " ind2="7" tag="651"><subfield code="a">Tennessee</subfield><subfield code="z">Clinton.</subfield><subfield code="2">fast</subfield><subfield code="0">(OCoLC)fst01213479</subfield></datafield><datafield ind1=" " ind2="7" tag="651"><subfield code="a">Tennessee</subfield><subfield code="z">Norris.</subfield><subfield code="2">fast</subfield><subfield code="0">(OCoLC)fst01215880</subfield></datafield><datafield ind1=" " ind2=" " tag="752"><subfield code="a">United States</subfield><subfield code="b">Tennessee</subfield><subfield code="c">Anderson</subfield><subfield code="d">Clinton.</subfield></datafield><datafield ind1=" " ind2=" " tag="752"><subfield code="a">United States</subfield><subfield code="b">Tennessee</subfield><subfield code="c">Anderson</subfield><subfield code="d">Norris.</subfield></datafield><datafield ind1="1" ind2="4" tag="780"><subfield code="t">Clinton courier (Clinton, Tenn.)</subfield><subfield code="w">(DLC)sn 89058042</subfield></datafield><datafield ind1="1" ind2="4" tag="780"><subfield code="t">Anderson County news</subfield><subfield code="w">(DLC)sn 98069885</subfield></datafield><datafield ind1="0" ind2="0" tag="785"><subfield code="t">Clinton courier=news</subfield><subfield code="w">(DLC)sn 89058043</subfield></datafield></record>